@inproceedings{Ito1,
  author = {Yuta Asano and Nobuyasu Ito and Hajime Inaoka and Tetsuo Imai and Takeshi Uchinane},
  title = {Traffic Simulation of Kobe-City},
  booktitle = {Proceedings of the International Conference on Social Modeling and Simulation, plus Econophysics Colloquium 2014},
  year = 2014,
  isbn = {978-3-319-20590-8},
  pages = {255-264},
  publisher = {Springer}
}
@Article{Ito2,
  author = 	 {Takeshi Uchitane and Nobuyasu Ito},
  title = 	 {Applying Factor Analysis to Describe Urban Scale Vehicfle Traffic Simulation Results (in Japanese)},
  journal = 	 {Journal of the Society of Instrument and Control Engineers},
  year = 	 2016,
  volume = 	 {52},
  number = 	 10,
  pages = 	 {545-554}
}
