%%%---- For ssecMarket by Izumi

@Article{ToriiIzumiYamada2016,
  author = 	 {T. Torii and K. Izumi and K. Yamada},
  title = 	 {Shock transfer by arbitrage trading: analysis using multi-asset artificial market},
  journal = 	 {Evolutionary and Institutional Economics Review},
  year = 	 2016,
  volume = 	 12,
  number = 	 2,
  pages = 	 {395--412}}

@Article{MizutaKosugiKusumotoMatsumotoIzumi2015,
author="Mizuta, Takanobu
and Kosugi, Shintaro
and Kusumoto, Takuya
and Matsumoto, Wataru
and Izumi, Kiyoshi",
title="Effects of dark pools on financial markets' efficiency and price discovery function: an investigation by multi-agent simulations",
journal="Evolutionary and Institutional Economics Review",
year=2015,
volume=12,
number=2,
pages="375--394",
issn="2188-2096",
doi="10.1007/s40844-015-0020-3",
url="https://doi.org/10.1007/s40844-015-0020-3"
}

@article{doi:10.1002/isaf.1374,
author = {Takanobu Mizuta and Shintaro Kosugi and Takuya Kusumoto and Wataru Matsumoto and Kiyoshi Izumi and Isao Yagi and Shinobu Yoshimura},
title = {Effects of Price Regulations and Dark Pools on Financial Market Stability: An Investigation by Multiagent Simulations},
journal = {Intelligent Systems in Accounting, Finance and Management},
volume = {23},
number = {1-2},
pages = {97-120},
doi = {10.1002/isaf.1374},
url = {https://onlinelibrary.wiley.com/doi/abs/10.1002/isaf.1374}
}


@InProceedings{YonenoIzumi2018,
  author = 	 {Hiroto Yonenoh and Kiyoshi Izumi},
  title = 	 {Destabilization effect of VaR-based risk management on a multiple-asset market: An artificial market approach},
  booktitle = {23rd International Symposium on Artificial Life and Robotics (AROB2018)},
  year = 	 2018}



@Article{ToriiIzumiYamada2017,
author="Torii, Takuma
and Kamada, Tomio
and Izumi, Kiyoshi
and Yamada, Kenta",
title="Platform design for large-scale artificial market simulation and preliminary evaluation on the K computer",
journal="Artificial Life and Robotics",
year="2017",
month="Sep",
day="01",
volume="22",
number="3",
pages="301--307"
}
