@Article{toriiPlham,
author="Torii, Takuma
and Kamada, Tomio
and Izumi, Kiyoshi
and Yamada, Kenta",
title="Platform design for large-scale artificial market simulation and preliminary evaluation on the K computer",
journal="Artificial Life and Robotics",
year="2017",
month="Sep",
day="01",
volume="22",
number="3",
pages="301--307",
issn="1614-7456",
doi="10.1007/s10015-017-0368-z"
}

@inproceedings{arob17plham,
 author = {Daisuke Fujishima and Tomio Kamada and Takuma Torii and Kiyoshi Izumi},
 title = {Overlapping Communication and Computation for Large-Scale Artificial Market Simulation},
 booktitle = {Proc. of 22nd International Symposium on Artificial Life and Robotics (AROB 2017)},
 pages = {708-713},
 address = {Beppu, Japan},
 month = {Jan},
 year = {2017},
}

@Manual{x10,
 title = {X10 Language Specification Version 2.6.1},
 author = {Vijay Saraswat and Bard Bloom and Igor Peshansky and Olivier Tardieu and David Grove
},
 month = {June},
 year = {2017},
 url = {http://x10-lang.org/}
}

@inproceedings{glb11,
 author = {Saraswat, Vijay A. and Kambadur, Prabhanjan and Kodali, Sreedhar and Grove, David and Krishnamoorthy, Sriram},
 title = {Lifeline-based Global Load Balancing},
 booktitle = {Proceedings of the 16th ACM Symposium on Principles and Practice of Parallel Programming},
 series = {PPoPP '11},
 year = {2011},
 isbn = {978-1-4503-0119-0},
 location = {San Antonio, TX, USA},
 pages = {201--212},
 numpages = {12},
 url = {http://doi.acm.org/10.1145/1941553.1941582},
 doi = {10.1145/1941553.1941582},
 acmid = {1941582},
 publisher = {ACM},
 address = {New York, NY, USA},
 keywords = {distributed work-stealing, global load balancing, uts, x10},
} 

@inproceedings{glb14,
 author = {Zhang, Wei and Tardieu, Olivier and Grove, David and Herta, Benjamin and Kamada, Tomio and Saraswat, Vijay and Takeuchi, Mikio},
 title = {GLB: Lifeline-based Global Load Balancing Library in x10},
 booktitle = {Proceedings of the First Workshop on Parallel Programming for Analytics Applications},
 series = {PPAA '14},
 year = {2014},
 isbn = {978-1-4503-2654-4},
 location = {Orlando, Florida, USA},
 pages = {31--40},
 numpages = {10},
 url = {http://doi.acm.org/10.1145/2567634.2567639},
 doi = {10.1145/2567634.2567639},
 acmid = {2567639},
 publisher = {ACM},
 address = {New York, NY, USA},
 keywords = {glb, performance, scalability, work-stealing, {x10},
}
}

@article{glb2m,
  title={Introducing a Multithread and Multistage Mechanism for the Global Load Balancing Library of X10},
  author={Kento Yamashita and Tomio Kamada},
  journal={Journal of Information Processing},
  volume={24},
  number={2},
  pages={416-424},
  year={2016},
  doi={10.2197/ipsjjip.24.416}
}

