@Article{deb:sbx,
  author = "Deb K. and Agrawal R.B.",
  title = "Simulated binary crossover for continuous search space",
  journal = "Complex systems",
  volume="9",
  number="2",
  pages="115--148",
  year="1995",
}
@Inproceedings{deb:nsga,
  author =       "Deb K. and Agrawal S. and Pratap A. and Meyarivan T.",
  title =        "A Fast Elitist Non-Dominated Sorting Genetic Algorithm for Multi-Objective Optimization: NSGA-II",
  booktitle =    "PPSN VI Proceedings of the 6th International Conference on Parallel Problem Solving from Nature",
  series = 	 "Lecture Notes in Computer Science",
  editor = 	 "Schoenauer M. et al",
  volume = 	  "1917",
  year =         "2000",
  publisher =    "Springer",
  address = 	 "Berlin, Heidelberg",
  pages =        "849--858",
  doi = 	 "10.1007/3-540-45356-3\_83",
  url = 	 "",
  number =	 "",
  month = 	 "",
  organization = "",
  note = 	 "",
}
@Book{deb:moea,
  author =       "Deb K.",
  title =        "Multiobjective Optimization using Evolutionary Algorithms",
  volume =       "16",
  publisher =    "John Wiley and Sons",
  address =      "",
  doi = 	 "",
  url = 	 "",
  month = 	 "May",
  year =    "2001",
  note = 	 "",
}

@Article{kobayashi:2016,
  author 	= "Kobayashi K. and Narisawa R. and Yasui Y. and Fujisawa K.",
  title 	= "EXPERIMENTAL ANALYSES OF THE EVACUATION PLANNING MODEL USING LEXICOGRAPHICALLY QUICKEST FLOW [in Japanese]",
  journal 	= "Transactions of the Operations Research Society of Japan",
  volume 	= "59",
  number 	= "",
  year 		= "2016",
  pages 	= "86--105",
  doi 		= "10.15807/torsj.59.86",
  note		= "",
}

@Article{murase:2014,
  author = "Murase Y. and Uchitane T. and Ito N.",
  title =  "A tool for parameter-space explorations",
  journal =    "Phyisics Procedia",
  volume 	= "59",
  number 	= "",
  month 	= "",
  year =       "2014",
  address = 	 "",
  pages =        "73--76",
  doi = 	 "10.1016/j.phpro.2014.08.134",
  note = 	 "",
}

@Article{yamashita:2013,
  author =   "Yamashita T. and Okada T. and Noda I.",
  title =    "Implementation of Simulation Environment for Exhaustive Analysis of Huge-Scale Pedestrian Flow",
  journal =  "SICE JCMSI",
  volume  =  "6",
  number  =  "2",
  month   =  "March",
  year    =  "2013",
  address =	 "",
  pages   =  "137--146",
  doi = 	 "",
  note = 	 "",
}
@Article{yamashita:2014a,
  author =   "Yamashita T. and Soeda S. and Onishi M. and Noda I.",
  title =    "Development and Application of High-speed Evacuation Simulator with One-dimensional Pedestrian Model",
  journal =  "Jpournal of Information Processing Society Japan",
  volume  =  "53",
  number  =  "7",
  month   =  "June",
  year    =  "2012",
  address =	 "",
  pages   =  "1732--1744",
  doi = 	 "",
  note = 	 "",
}

