@article{osogami2013toward,
  title={Toward Simulating Entire Cities with Behavioral Models of Traffic},
  author={Osogami, Takayuki and Imamichi, Takashi and Mizuta, Hideyuki and Suzumura, Toyotaro and Ide, Tsuyoshi},
  journal={IBM Journal of Research and Development},
  volume={57},
  number={5},
  pages={6--1},
  year={2013},
  publisher={IBM}
}


@INPROCEEDINGS{mizuta2017wsc,
author={H. Mizuta},
title={Large-SCALE DISTRIBUTED AGENT-BASED SIMULATION FOR SHOPPING MALL and performance improvement with shadow agent projection},
volume={},
number={},
booktitle = {Proceedings of the 2017 Winter Simulation Conference},
year = {2017},
pages = {3925--3936},
editor = {W. K. V. Chan and
	A. D'Ambrogio and
	G. Zacharewicz and
	N. Mustafee and
	G. Wainer and
	E. Page},
 address = {Piscataway, New Jersey},
 publisher = {Institute of Electrical and Electronics Engineers, Inc.},
month={Dec},
}


@inproceedings{Charles:2005:XOA:1094811.1094852,
 author = {Charles, Philippe and Grothoff, Christian and Saraswat, Vijay and Donawa, Christopher and Kielstra, Allan and Ebcioglu, Kemal and von Praun, Christoph and Sarkar, Vivek},
 title = {X10: An Object-oriented Approach to Non-uniform Cluster Computing},
 booktitle = {Proceedings of the 20th Annual ACM SIGPLAN Conference on Object-oriented Programming, Systems, Languages, and Applications},
 series = {OOPSLA '05},
 year = {2005},
 isbn = {1-59593-031-0},
 location = {San Diego, CA, USA},
 pages = {519--538},
 numpages = {20},
 url = {http://doi.acm.org/10.1145/1094811.1094852},
 doi = {10.1145/1094811.1094852},
 acmid = {1094852},
 publisher = {ACM},
 address = {New York, NY, USA},
 keywords = {Java, X10, atomic blocks, clocks, data distribution, multithreading, non-uniform cluster computing (NUCC), partitioned global address space (PGAS), places, productivity, scalability},
} 


@inproceedings{Takeuchi:2011:CXJ:2212736.2212739,
 author = {Takeuchi, Mikio and Makino, Yuki and Kawachiya, Kiyokuni and Horii, Hiroshi and Suzumura, Toyotaro and Suganuma, Toshio and Onodera, Tamiya},
 title = {Compiling X10 to Java},
 booktitle = {Proceedings of the 2011 ACM SIGPLAN X10 Workshop},
 series = {X10 '11},
 year = {2011},
 isbn = {978-1-4503-0770-3},
 location = {San Jose, California},
 pages = {3:1--3:10},
 articleno = {3},
 numpages = {10},
 url = {http://doi.acm.org/10.1145/2212736.2212739},
 doi = {10.1145/2212736.2212739},
 acmid = {2212739},
 publisher = {ACM},
 address = {New York, NY, USA},
 keywords = {Java, X10, code generation, evaluation, optimization},
} 



@inproceedings{Takeuchi:2013:JIM:2481268.2481278,
 author = {Takeuchi, Mikio and Cunningham, David and Grove, David and Saraswat, Vijay},
 title = {Java Interoperability in Managed X10},
 booktitle = {Proceedings of the Third ACM SIGPLAN X10 Workshop},
 series = {X10 '13},
 year = {2013},
 isbn = {978-1-4503-2157-0},
 location = {Seattle, Washington},
 pages = {39--46},
 numpages = {8},
 url = {http://doi.acm.org/10.1145/2481268.2481278},
 doi = {10.1145/2481268.2481278},
 acmid = {2481278},
 publisher = {ACM},
 address = {New York, NY, USA},
 keywords = {Java, X10, arrays, code generation, exceptions, generics, interoperability, multi-platform, primitives, unified type system},
} 

@conference{ppl2018takeuchi,
  author = {Takeuchi, Mikio and Mizuta, Hideyuki},
  title = {X10: Performance and Productivity at Scale},
  booktitle = {Poster presentation at 20th Workshop on Programming and Programming Languages},
  year = {2018},
  month = {Mar},
  day = {5},
  howpublished = {poster}
  location = {Tottori, Japan},
}
