@article{murase2014tool,
	Author = {Murase, Y. and Uchitane, T. and Ito, N.},
	Date-Added = {2014-07-22 09:11:16 +0000},
	Date-Modified = {2015-04-29 05:32:04 +0000},
	Journal = {Physics Procedia},
	Pages = {73--76},
	Title = {A tool for parameter-space explorations},
	Volume = {57},
	Year = {2014}}
